<collection xmlns="http://www.loc.gov/MARC21/slim">
<record>
  <leader>01010nam0a2200229 i 450 </leader>
  <controlfield tag="001">IT\ICCU\CNCE\070031</controlfield>
  <controlfield tag="005">20160309000000.0</controlfield>
  <datafield tag="012" ind1=" " ind2=" ">
    <subfield code="a">lala tuto inhe daal (C) 1554 (R)</subfield>
    <subfield code="2">fei</subfield>
  </datafield>
  <datafield tag="100" ind1=" " ind2=" ">
    <subfield code="a">20070322d1554        0itac0103    ba</subfield>
  </datafield>
  <datafield tag="101" ind1=" " ind2=" ">
    <subfield code="a">ITA</subfield>
  </datafield>
  <datafield tag="102" ind1=" " ind2=" ">
    <subfield code="a">IT</subfield>
  </datafield>
  <datafield tag="200" ind1="1" ind2=" ">
    <subfield code="a">Auisi del&apos;India de le stupend&apos;e marauigliose cose che Nostro Signore Iesu benedetto se degna mostrare, per l&apos;edificatione di sua santa fede, ne i cuori de cristiani, e confusione de perfidi infideli</subfield>
  </datafield>
  <datafield tag="210" ind1=" " ind2=" ">
    <subfield code="a">In Nap.</subfield>
    <subfield code="c">in lo burgo deli Virgini per Cilio Allifano</subfield>
    <subfield code="d">a 24 di marzo 1554</subfield>
  </datafield>
  <datafield tag="215" ind1=" " ind2=" ">
    <subfield code="a">\18! c.</subfield>
    <subfield code="c">ill.</subfield>
    <subfield code="d">8ʻ</subfield>
  </datafield>
  <datafield tag="620" ind1=" " ind2=" ">
    <subfield code="a">IT</subfield>
    <subfield code="d">Napoli</subfield>
  </datafield>
  <datafield tag="712" ind1="0" ind2="2">
    <subfield code="a">Cilio Alifano</subfield>
    <subfield code="3">IT\ICCU\CNCT\000985</subfield>
    <subfield code="4">650</subfield>
  </datafield>
  <datafield tag="791" ind1="0" ind2="0">
    <subfield code="a">Alifano, Celio</subfield>
    <subfield code="3">IT\ICCU\CNCT\002965</subfield>
    <subfield code="z">Cilio Alifano</subfield>
  </datafield>
  <datafield tag="791" ind1="0" ind2="2">
    <subfield code="a">Cilius</subfield>
    <subfield code="3">IT\ICCU\CNCT\003055</subfield>
    <subfield code="z">Cilio Alifano</subfield>
  </datafield>
  <datafield tag="791" ind1="0" ind2="2">
    <subfield code="a">Cilius Allifanus</subfield>
    <subfield code="3">IT\ICCU\CNCT\004602</subfield>
    <subfield code="z">Cilio Alifano</subfield>
  </datafield>
  <datafield tag="791" ind1="0" ind2="2">
    <subfield code="a">Acilio</subfield>
    <subfield code="3">IT\ICCU\CNCT\004603</subfield>
    <subfield code="z">Cilio Alifano</subfield>
  </datafield>
  <datafield tag="801" ind1=" " ind2="3">
    <subfield code="a">IT</subfield>
    <subfield code="b">ICCU</subfield>
    <subfield code="c">20201115</subfield>
  </datafield>
  <datafield tag="899" ind1=" " ind2=" ">
    <subfield code="a">Biblioteca comunale. Montepulciano</subfield>
    <subfield code="1">SI0024</subfield>
    <subfield code="2">RT1 QQ</subfield>
  </datafield>
</record>
</collection>
